<?xml version="1.0" encoding="UTF-8"?><collection xmlns="http://www.loc.gov/MARC21/slim"><record><leader>00457nam--2200133-i-4500</leader><controlfield tag="001">000030222</controlfield><controlfield tag="002">20161230</controlfield><controlfield tag="005">20161230201038</controlfield><controlfield tag="008">060222s1000------------r-----000-0-eng-d</controlfield><datafield ind1=" " ind2=" " tag="080"><subfield code="a">545.82</subfield></datafield><datafield ind1=" " ind2=" " tag="100"><subfield code="a">Lundegardh, Henrik</subfield></datafield><datafield ind1=" " ind2=" " tag="245"><subfield code="a">Die quantitative specktralanalyse der elemente und ihre anwendung auf biologische, agrikulturchemische und mineralogische aufgaben</subfield></datafield><datafield ind1=" " ind2=" " tag="260"><subfield code="a">Jena, Verlag Von Gustav Fischer, 1929, Vi + 155p.+ 45 Pl.+ 13 Tab</subfield></datafield><datafield ind1=" " ind2=" " tag="852"><subfield code="a">1616</subfield></datafield></record></collection>